

@techreport{3gpp23501,
  author      = {3GPP},
  institution = {{3rd Generation Partnership Project (3GPP)}},
  number      = {23.501},
  title       = {System Architecture for the {{5G System}}},
  type        = {Technical Specification (TS)},
  url         = {https://www.3gpp.org/ftp/Specs/archive/23\_series/23.501/}
}


@techreport{3gpp29060,
  author      = {3GPP},
  institution = {{3rd Generation Partnership Project (3GPP)}},
  number      = {29.060},
  title       = {{GPRS} {Tunneling} {Protocol} {(GTP)} across the {Gn} and {Gp} interface},
  type        = {Technical Specification (TS)},
  url         = {https://www.3gpp.org/ftp/Specs/archive/29\_series/29.060/}
}


@techreport{3gpp29281,
  author      = {3GPP},
  institution = {{3rd Generation Partnership Project (3GPP)}},
  number      = {29.281},
  title       = {{Packet Radio System} {(GPRS)} {Tunneling} {Protocol} {User} {Plane} {(GTPv1-U)} },
  type        = {Technical Specification (TS)},
  url         = {https://www.3gpp.org/ftp/Specs/archive/29\_series/29.281/}
}

@techreport{3gpp23402,
  author      = {3GPP},
  institution = {{3rd Generation Partnership Project (3GPP)}},
  number      = {23.402},
  title       = {Architecture enhancements for non-3GPP accesses},
  type        = {Technical Specification (TS)},
  url         = {https://www.3gpp.org/ftp/Specs/archive/23\_series/23.402/}
}


@techreport{3gpp29561,
  author      = {3GPP},
  institution = {{3rd Generation Partnership Project (3GPP)}},
  number      = {29.561},
  title       = {5G System; Interworking between 5G Network and external Data Networks},
  type        = {Technical Specification (TS)},
  url         = {https://www.3gpp.org/ftp/Specs/archive/29\_series/29.561}
}

 @misc{free5gc,
  title   = {free5gc/free5gc},
  url     = {https://github.com/free5gc/free5gc},
  journal = {GitHub},
  author  = {free5gc},
  year    = {2020}
}} 